@misc{snacourse,
    author       = "Lada Adamic",
    title        = "Social Network Analysis",
    howpublished = "\url{https://www.coursera.org/course/sna}"
}
@misc{doll12,
    author       = "Brian Doll",
    title        = "Programming Language Correlation Dataset",
    year         = 2011,
    howpublished = "\url{https://gist.github.com/briandoll/e0637fff9c8eec988528}"
}
@misc{doll13,
    author       = "Brian Doll",
    title        = "The {GitHub} Data Challenge {II}",
    howpublished = "\url{https://github.com/blog/1450}"
}
@misc{github,
    title        = "{GitHub}",
    key          = "GitHub",
    howpublished = "\url{https://github.com/}"
}
@inproceedings{heller2011,
    title        = {Visualizing collaboration and influence in the open-source software community},
    author       = {Heller, Brandon and Marschner, Eli and Rosenfeld, Evan and Heer, Jeffrey},
    booktitle    = {Proceedings of the 8th Working Conference on Mining Software Repositories},
    pages        = {223--226},
    year         = {2011},
    organization = {ACM}
}
@misc{rodrigues12,
    author       = "Rodrigues, Eduarda Mendes",
	title        = "{GitHub} Data",
    howpublished = "\url{http://labs.sapo.pt/networds/2012/05/09/github-data/}"
}
@misc{shah13,
    author       = "Shah, Akshay",
	title        = "Language Use on GitHub",
    howpublished = "\url{http://datahackermd.com/2013/language-use-on-github/}"
}
@inproceedings{thung2013,
  title        = {Network Structure of Social Coding in GitHub},
  author       = {Thung, Ferdian and Lo, David and Jiang, Lingxiao},
  year         = {2013},
  organization = {17th European Conference on Software Maintenance and Reengineering (CSMR)}
}
@article{marrama,
  title  = {Social Coding: Evaluating {Github's} Network using Weighted Community Detection},
  author = {Marrama, Joseph and Low, Tiffany}
}
@article{khadke,
  title  = {An Analysis of {GitHub's} Collaborative Software Network},
  author = {Nikhil Khadke and Ming Han Teh and Sharon Tan}
}
@article{sarma,
  title  = {{SAGH}: A Social Analysis tool for {GitHub}},
  author = {Akash Das Sarma and Ashish Gupta and Jaeho Shin}
}
% vim: ts=4 sts=4 sw=4 et tw=80
